@BOOK{hegel:rph,
	AUTHOR = "Hegel, G.W.F.",
	TITLE = "Grundlinien der Philosophie des Rechts",
	PUBLISHER = "Felix Mainer Verlag",
	YEAR = "2017",
    ADDRESS = "Hamburg"
}

@BOOK{menke:AuB,
    AUTHOR = "Menke, Christoph",
    TITLE = "Autonomie und Befreiung",
    PUBLISHER = "Suhrkamp Verlag",
    YEAR = "2018",
    ADDRESS = "Berlin"
}
